@article{Stevenson:2013,
	author = "D. S. Stevenson and P. J. Young and V. Naik and J.-F. Lamarque and D. T. Shindell and A. Voulgarakis and R. B. Skeie and S. B. Dalsoren and G. Myhre and T. K. Berntsen and G. A. Folberth and S. T. Rumbold and W. J. Collins and I. A. MacKenzie and R. M. Doherty and G. Zeng and T. P. C. van Noije and A. Strunk and D. Bergmann and P. Cameron-Smith and D. A. Plummer and S. A. Strode and L. Horowitz and Y. H. Lee and S. Szopa and K. Sudo and T. Nagashima and B. Josse and I. Cionni and M. Righi and V. Eyring and A. Conley and K. W. Bowman and O. Wild and A. Archibald",
	journal = "Atmospheric Chemistry and Physics",
	pages = "3063--3085",
	title = "{Tropospheric ozone changes, radiative forcing and attribution to emissions in the Atmospheric Chemistry and Climate Model Intercomparison Project (ACCMIP)}",
	volume = "13",
	year = "2013"
}

@article{Atkinson:2000,
	affiliation = "Air Pollution Research Center, Department of Environmental Science, University of California, Riverside, CA 92521, United States",
	author = "Roger Atkinson",
	journal = "Atmospheric Environment",
	number = "12-14",
	pages = "2063--2101",
	title = "{Atmospheric chemistry of VOCs and NO$_{\text{x}}$}",
	volume = "34",
	year = "2000"
}

@misc{HTAP:2010,
	author = "HTAP",
	editor = "Frank Dentener and Terry Keating and Hajime Akimoto",
	title = "{Hemispheric Transport of Air Pollution 2010, Part A: Ozone and Particulate Matter, Air Pollution Studies No.17}",
	year = "2010"
}

@techreport{AQEU:2014,
	author = "EEA",
	doi = "10.2800/22847",
	institution = "European Environmental Agency",
	isbn = "978-92-9213-490-7",
	issn = "1725-9177",
	journal = "EEA Report",
	number = "5/2014",
	organization = "EEA",
	title = "{Air quality in Europe - 2014 report}",
	year = "2014"
}

@article{Sillman:1999,
	affiliation = "Department of Atmospheric Sciences, University of Michigan, Ann Arbor, MI 48109-2143, United States",
	author = "Sanford Sillman",
	journal = "Atmospheric Environment",
	number = "12",
	pages = "1821--1845",
	title = "{The relation between ozone, NO$_{\text{x}}$ and hydrocarbons in urban and polluted rural environments}",
	volume = "33",
	year = "1999"
}

@article{Jenkin:2000,
	affiliation = "Natl. Environ. Technology Centre, AEA Technol. plc, Culham, A., Oxfordshire, United Kingdom; TH Huxley School of Environment, Earth Sci. Eng., Ctr. Environ. T., Berkshire, United Kingdom",
	author = "Michael E. Jenkin and Kevin C. Clemitshaw",
	journal = "Atmospheric Environment",
	number = "16",
	pages = "2499--2527",
	title = "{Ozone and other secondary photochemical pollutants: Chemical processes governing their formation in the planetary boundary layer}",
	volume = "34",
	year = "2000"
}

@article{Kleinman:1991,
	author = "Lawrence I. Kleinman",
	journal = "Journal of Geophysical Research",
	number = "D11",
	pages = "20,721--20,733",
	title = "{Seasonal Dependence of Boundary Layer Peroxide Concentration: The Low and High NO$_{\text{x}}$ Regimes}",
	volume = "96",
	year = "1991"
}

@article{Kleinman:1994,
	author = "Lawrence I. Kleinman",
	journal = "Journal of Geophysical Research",
	number = "D8",
	pages = "16,831--16,838",
	title = "{Low and high NO$_{\text{x}}$ tropospheric photochemistry}",
	volume = "99",
	year = "1994"
}

@article{Carter:1994,
	author = "William P. L. Carter",
	journal = "Journal of the Air and Waste Management Association",
	pages = "881--899",
	title = "{Development of Ozone Reactivity Scales for Volatile Organic Compounds}",
	volume = "44",
	year = "1994"
}

@article{Derwent:1996,
	author = "R. G. Derwent and M. E. Jenkin and S. M. Saunders",
	journal = "Atmospheric Environment",
	number = "2",
	pages = "181--199",
	title = "{Photochemical Ozone Creation Potentials for a Large Number of Reactive Hydrocarbons under European Conditions}",
	volume = "30",
	year = "1996"
}

@article{Derwent:1998,
	author = "Richard G. Derwent and Michael E. Jenkin and Sandra M. Saunders and Michael J. Pilling",
	journal = "Atmospheric Environment",
	number = "14/15",
	pages = "2429--2441",
	title = "{Photochemical Ozone Creation Potentials for Organic Compounds in Northwest Europe Calculated with a Master Chemical Mechanism}",
	volume = "32",
	year = "1998"
}

@article{Butler:2011,
	affiliation = "Max Planck Institute for Chemistry, Mainz, Germany; King Saud University, Riyadh, Saudi Arabia",
	author = "T. M. Butler and M. G. Lawrence and D. Taraborrelli and J. Lelieveld",
	journal = "Atmospheric Environment",
	number = "24",
	pages = "4082--4090",
	title = "{Multi-day ozone production potential of volatile organic compounds calculated with a tagging approach}",
	volume = "45",
	year = "2011"
}

@article{Jenkin:2003,
	affiliation = "Department of Environmental Science and Technology, Imperial College, Silwood Park, Ascot, Berkshire, SL5 7PY, United Kingdom; School of Chemistry, University of Leeds, Leeds, LS2 9JT, United Kingdom; Disciplines of Chemistry and Geography, University of Western Australia, Nedlands, 6009 WA, Australia",
	author = "M. E. Jenkin and S. M. Saunders and V. Wagner and M. J. Pilling",
	journal = "Atmospheric Chemistry and Physics",
	number = "1",
	pages = "181--193",
	title = "{Protocol for the development of the Master Chemical Mechanism, MCM v3 (Part B): Tropospheric degradation of aromatic volatile organic compounds}",
	volume = "3",
	year = "2003"
}

@article{Saunders:2003,
	affiliation = "School of Chemistry, University of Leeds, Leeds, LS2 9JT, United Kingdom; Department of Environmental Science and Technology, Imperial College, Silwood Park, Ascot, Berkshire, SL5 7PY, United Kingdom; Climate Research Division, Meteorological Office, Bracknell, Berkshire, RG12 2SZ, United Kingdom; Disciplines of Chemistry and Geography, University of Western Australia, Nedlands, 6009 WA, Australia",
	author = "S. M. Saunders and M. E. Jenkin and R. G. Derwent and M. J. Pilling",
	journal = "Atmospheric Chemistry and Physics",
	number = "1",
	pages = "161--180",
	title = "{Protocol for the development of the Master Chemical Mechanism, MCM v3 (Part A): Tropospheric degradation of non-aromatic volatile organic compounds}",
	volume = "3",
	year = "2003"
}

@article{Bloss:2005,
	author = "C. Bloss and V. Wagner and M. E. Jenkin and R. Vollamer and W. J. Bloss and J. D. Lee and D. E. Heard and K. Wirtz and M. Martin-Reviejo and G. Rea and J. C. Wenger and M. J. Pilling",
	journal = "Atmospheric Chemistry and Physics",
	pages = "641--664",
	title = "{Development of a detailed chemical mechanism (MCMv3.1) for the atmospheric oxidation of aromatic hydrocarbons}",
	volume = "5",
	year = "2005"
}

@article{Dodge:2000,
	affiliation = "5309 Thayer Drive, Raleigh, NC 27612, United States",
	author = "M.C. Dodge",
	journal = "Atmospheric Environment",
	number = "12-14",
	pages = "2103--2130",
	title = "{Chemical oxidant mechanisms for air quality modeling: Critical review}",
	volume = "34",
	year = "2000"
}

@article{Gery:1989,
	author = "Michael W. Gery and Gary Z. Whitten and James P. Killus and Marcia C. Dodge",
	journal = "Journal of Geophysical Research",
	number = "D10",
	pages = "12,925--12,956",
	title = "{A photochemical kinetics mechanism for urban and regional scale computer modeling}",
	volume = "94",
	year = "1989"
}

@techreport{Yarwood:2005,
	author = "Greg Yarwood and Sunja Rao and Mark Yocke and Gary Z. Whitten",
	institution = "U. S Environmental Protection Agency",
	journal = "Report Number: RT-04-00675",
	title = "{Updates to the Carbon Bond Chemical Mechanism: CB05}",
	year = "2005"
}

@article{Emmons:2010,
	author = "L. K. Emmons and S. Walters and P. G. Hess and J.-F. Lamarque and G. G. Pfister and D. Fillmore and C. Granier and A. Guenther and D. Kinnison and T. Laepple and J. Orlando and X. Tie and G. Tyndall and C. Wiedinmyer and S. L. Baughcum and S. Kloster",
	journal = "Geoscientific Model Development",
	pages = "43--67",
	title = "{Description and evaluation of the Model for Ozone and Related chemical Tracers, version 4 (MOZART-4)}",
	volume = "3",
	year = "2010"
}

@article{Stockwell:1997,
	affiliation = "Fraunhofer Inst. Atmosph. E., Garmisch-Partenkirchen, Germany; Swiss Fed. Inst. Environ. Sci. T., ETH Z{\"u}rich, Switzerland; Fraunhofer Inst. Atmosph. E., Kreuzeckbahnstr. 19, D-82467 Garmisch-Partenkirchen, Germany; EAWAG, Swiss Fed. Inst. Environ. Sci. T., ETH Z{\"u}rich, CH-8600 D{\"u}bendorf, Switzerland",
	author = "William R. Stockwell and Frank Kirchner and Michael Kuhn and Stephan Seefeld",
	journal = "Journal of Geophysical Research D: Atmospheres",
	number = "22",
	pages = "25,847--25,879",
	title = "{A new mechanism for regional atmospheric chemistry modeling}",
	volume = "102",
	year = "1997"
}

@article{Stockwell:1990,
	author = "William R. Stockwell and Paulete Middleton and Julius S. Chang and Xiaoyan Tang",
	journal = "Journal of Geophysical Research",
	number = "D10",
	pages = "16,343--16,367",
	title = "{The Second Generation Regional Acid Deposition Model Chemical Mechanism for Regional Air Quality Modeling}",
	volume = "95",
	year = "1990"
}

@article{Goliff:2013,
	author = "Wendy S. Goliff and William R. Stockwell and Charlene V. Lawson",
	journal = "Atmospheric Environment",
	pages = "174--185",
	title = "{The regional atmospheric chemistry mechanism, version 2}",
	volume = "68",
	year = "2013"
}

@article{Jenkin:2008,
	author = "M. E. Jenkin and L. A. Watson and S. R. Utembe and D. E. Shallcross",
	journal = "Atmospheric Environment",
	pages = "7185--7195",
	title = "{A Common Representative Intermediates (CRI) mechanism for VOC degradation. Part 1: Gas phase mechanism development}",
	volume = "42",
	year = "2008"
}

@article{Dunker:1984,
	author = "Alan M. Dunker and Sudarshan Kumar and Peteris H. Berzins",
	journal = "Atmospheric Environment",
	number = "2",
	pages = "311--321",
	title = "{A Comparison of Chemical Mechanisms Used In Atmospheric Models}",
	volume = "18",
	year = "1984"
}

@article{Kuhn:1998,
	author = "M. Kuhn and P. J. H. Builtjes and D. Poppe and D. Simpson and W. R. Stockwell and Y. Andersson-Sk{\"o}ld and A. Baart and M. Das and F. Fiedler and {\O}. Hov and F. Kirchner and P. A. Makar and J. B. Milford and M. G. M. Roemer and R. Ruhnke and A. Strand and B. Vogel and H. Vogel",
	journal = "Atmospheric Environment",
	number = "4",
	pages = "693--709",
	title = "{Intercomparison of the gas-phase chemistry in several chemistry and transport models}",
	volume = "32",
	year = "1998"
}

@article{Emmerson:2009,
	author = "K. M. Emmerson and M. J. Evans",
	journal = "Atmospheric Chemistry and Physics",
	pages = "1831--1845",
	title = "{Comparison of tropospheric gas-phase chemistry schemes for use within global models}",
	volume = "9",
	year = "2009"
}

@misc{MCM_Site,
	author = "Andrew Rickard and Jenny Young and Stephen Pascoe",
	howpublished = "\url{http://mcm.leeds.ac.uk/MCMv3.2/}",
	note = "[Online; accessed 25-March-2015]",
	title = "{The Master Chemical Mechanism Version MCM v3.2}",
	year = "2015"
}

@article{Jenkin:1997,
	affiliation = "Natl. Environ. Technology Centre, AEA Technology, Abingdon, Oxfordshire OX14 3DB, United Kingdom; School of Chemistry, University of Leeds, LS2 9JT, Leeds, United Kingdom",
	author = "Michael E. Jenkin and Sandra M. Saunders and Michael J. Pilling",
	journal = "Atmospheric Environment",
	number = "1",
	pages = "81--104",
	title = "{The tropospheric degradation of volatile organic compounds: A protocol for mechanism development}",
	volume = "31",
	year = "1997"
}

@techreport{Hogo:1989,
	author = "H. Hogo and M. Gery",
	edition = "EPA/600/8-88/073A (NTIS PB88221957)",
	institution = "U.S. Environmental Protection Agency",
	title = "{USER'S GUIDE FOR EXECUTING OZIPM-4 (OZONE ISOPLETH PLOTTING WITH OPTIONAL MECHANISMS, VERSION 4) WITH CBM-IV (CARBON-BOND MECHANISMS-IV) OR OPTIONAL MECHANISMS. VOLUME 1. DESCRIPTION OF THE OZONE ISOPLETH PLOTTING PACKAGE. VERSION 4}",
	year = "1989"
}

@article{Sander:2005,
	author = "R. Sander and A. Kerkweg and P. J{\"o}ckel and J. Lelieveld",
	journal = "Atmospheric Chemistry and Physics",
	pages = "445--450",
	title = "{Technical Note: The new comprehensive atmospheric chemistry module MECCA}",
	volume = "5",
	year = "2005"
}

@article{Baker:2008,
	author = "Angela K. Baker and Andreas J. Beyersdorf and Lambert A. Doezema and Aaron Katzenstein and Simone Meinardi and Isobel J. Simpson and Donald R. Blake and F. Sherwood Rowland",
	journal = "Atmospheric Environment",
	pages = "170--182",
	title = "{Measurements of nonmethane hydrocarbons in 28 United States cities}",
	volume = "42",
	year = "2008"
}

@article{Damian:2002,
	affiliation = "Glaxo SmithKline Beecham Pharmaceuticals, King of Prussia, PA 19406, United States; Department of Computer Science, Michigan Technological University, 1400 Townsend Drive, Houghton, MI 49931, United States; Department of Computer Science, Villanova University, Villanova, PA 19085, United States; Department of Mathematics, University of Maryland Baltimore County, Baltimore, MD 21250, United States; Department of Chemical and Biochemical Engineering, University of Iowa, Iowa City, IA 52242, United States",
	author = "V. Damian and A. Sandu and M. Damian and F. Potra and G.R. Carmichael",
	journal = "Computers and Chemical Engineering",
	number = "11",
	pages = "1567--1579",
	title = "{The kinetic preprocessor KPP - A software environment for solving chemical kinetics}",
	volume = "26",
	year = "2002"
}

@article{Harwood:2003,
	affiliation = "Aeronomy Laboratory, Natl. Oceanic/Atmosph. Admin., 325 Broadway, Boulder, CO 80305-3328, United States; Coop. Inst. for Res. in Env. Sci., University of Colorado, Boulder, CO 80309, United States; Dept. of Chemistry and Biochemistry, University of Colorado, Boulder, CO 80309, United States; NOAA, R/AL2, 325 Broadway, Boulder, CO 80305-3328, United States",
	author = "M.H. Harwood and J.M. Roberts and G.J. Frost and A.R. Ravishankara and J.B. Burkholder",
	journal = "Journal of Physical Chemistry A",
	number = "8",
	pages = "1148--1154",
	title = "{Photochemical studies of CH3C(O)OONO2 (PAN) and CH3CH2C(O)OONO2 (PPN): NO3 quantum yields}",
	volume = "107",
	year = "2003"
} 
@article{Derwent:2010,
	author = "Richard G. Derwent and Michael E. Jenkin and Michael J. Pilling and William P. L. Carter and Ajith Kaduwela",
	journal = "Journal of the Air and Waste Management Association",
	pages = "914--924",
	title = "{Reactivity Scales as Comparative Tools for Chemical Mechanisms}",
	volume = "60",
	year = "2010"
}

@article{Baklanov:2014,
	author = "A. Baklanov and K. Schl{\"u}nzen and P. Suppan and J. Baldasano and D. Brunner and S. Aksoyoglu and G. Carmichael and J. Douros and J. Flemming and R. Forkel and S. Galmarini and M. Gauss and G. Grell and M. Hirtl and S. Joffre and O. Jorba and E. Kaas and M. Kaasik and G. Kallos and X. Kong and U. Korsholm and A. Kurganskiy and J. Kushta and U. Lohmann and A. Mahura and A. Manders-Groot and A. Maurizi and N. Moussiopoulos and S. T. Rao and N. Savage and C. Seigneur and R. S. Sokhi and E. Solazzo and S. Solomos and B. S{\o}rensen and G. Tsegas and E. Vignati and B. Vogel and Y. Zhang",
	journal = "Atmospheric Chemistry and Physics",
	number = "1",
	pages = "317--398",
	title = "{Online coupled regional meteorology chemistry models in Europe: current status and prospects}", 
	volume = "14",
	year = "2014"
}

@Article{Archer-Nicholls:2014,
    AUTHOR = {Archer-Nicholls, S. and Lowe, D. and Utembe, S. and Allan, J. and Zaveri, R. A. and Fast, J. D. and Hodnebrog, {\O}. and Denier van der Gon, H. and McFiggans, G.},
    TITLE = {Gaseous chemistry and aerosol mechanism developments for version 3.5.1 of the online regional model, WRF-Chem},
    JOURNAL = {Geoscientific Model Development},
    VOLUME = {7},
    YEAR = {2014},
    NUMBER = {6},
    PAGES = {2557--2579},
}

@article{Li:2014a,
  author={J Li and M Georgescu and P Hyde and A Mahalov and M Moustaoui},
  title={Achieving accurate simulations of urban impacts on ozone at high resolution},
  journal={Environmental Research Letters},
  volume={9},
  number={11},
  pages={114019},
  year={2014}, 
}
	
@Article{Ahmadov:2015,
AUTHOR = {Ahmadov, R. and McKeen, S. and Trainer, M. and Banta, R. and Brewer, A. and Brown, S. and Edwards, P. M. and de Gouw, J. A. and Frost, G. J. and Gilman, J. and Helmig, D. and Johnson, B. and Karion, A. and Koss, A. and Langford, A. and Lerner, B. and Olson, J. and Oltmans, S. and Peischl, J. and P\'etron, G. and Pichugina, Y. and Roberts, J. M. and Ryerson, T. and Schnell, R. and Senff, C. and Sweeney, C. and Thompson, C. and Veres, P. R. and Warneke, C. and Wild, R. and Williams, E. J. and Yuan, B. and Zamora, R.},
TITLE = {Understanding high wintertime ozone pollution events in an oil- and natural gas-producing region of the western US},
JOURNAL = {Atmospheric Chemistry and Physics},
VOLUME = {15},
YEAR = {2015},
NUMBER = {1},
PAGES = {411--429},
}

@article{Goliff:2015,
    title = "Nighttime air quality under desert conditions ",
    journal = "Atmospheric Environment ",
    volume = "114",
    number = "0",
    pages = "102 - 111",
    year = "2015",
    author = "Wendy S. Goliff and Menachem Luria and Donald R. Blake and Barbara Zielinska and Gannet Hallar and Ralph J. Valente and Charlene V. Lawson and William R. Stockwell", 
}

@article{Hou:2015,
    title = "The impacts of summer monsoons on the ozone budget of the atmospheric boundary layer of the Asia-Pacific region ",
    journal = "Science of The Total Environment ",
    volume = "502",
    number = "0",
    pages = "641 - 649",
    year = "2015",
    author = "Xuewei Hou and Bin Zhu and Dongdong Fei and Dongdong Wang",
}

@Article{Foster:2014,
    AUTHOR = {Foster, P. N. and Prentice, I. C. and Morfopoulos, C. and Siddall, M. and van Weele, M.},
    TITLE = {Isoprene emissions track the seasonal cycle of canopy temperature, not primary production: evidence from remote sensing},
    JOURNAL = {Biogeosciences},
    VOLUME = {11},
    YEAR = {2014},
    NUMBER = {13},
    PAGES = {3437--3451},
}

@article{Derwent:2015,
    title = "Tropospheric ozone production regions and the intercontinental origins of surface ozone over Europe ",
    journal = "Atmospheric Environment ",
    volume = "112",
    number = "0",
    pages = "216 - 224",
    year = "2015",
    author = "Richard G. Derwent and Steven R. Utembe and Michael E. Jenkin and Dudley E. Shallcross",
}

@article{Dunker:2015,
    author = {Dunker, Alan M. and Koo, Bonyoung and Yarwood, Greg},
    title = {Source Apportionment of the Anthropogenic Increment to Ozone, Formaldehyde, and Nitrogen Dioxide by the Path-Integral Method in a 3D Model},
    journal = {Environmental Science \& Technology},
    volume = {49},
    number = {11},
    pages = {6751-6759},
    year = {2015},
} 

@article{Pinho:2005,
    title = "Evaluation of isoprene degradation in the detailed tropospheric chemical mechanism, \{MCM\} v3, using environmental chamber data ",
    journal = "Atmospheric Environment ",
    volume = "39",
    number = "7",
    pages = "1303 - 1322",
    year = "2005",
    author = "P.G. Pinho and C.A. Pio and M.E. Jenkin", 
}
